@ARTICLE{CRYPTO:1,
	AUTHOR="A. Beikverdi and J. Song",
	TITLE="Trend of centralization in Bitcoin's distributed network",
	JOURNAL="IEEE/ACIS 16th International Conference on Software Engineering, Artificial Intelligence, Networking and Parallel/Distributed Computing",
	YEAR="2015 ",
	DOI = {doi: 10.1109/SNPD.2015.7176229}
}

@ARTICLE{CRYPTO:2,
	AUTHOR="Best, Raynor de",
	TITLE="Bitcoin Mining by Country 2021",
	JOURNAL="Statista",
	YEAR="2021",
	NOTE = {\url{https://www.statista.com/statistics/1200477/bitcoin-mining-by-country/} [Online; accessed Dec 4, 2021]}
}

@ARTICLE{CRYPTO:3,
	AUTHOR="Alzahrani, Naif and Bulusu, Nirupama",
	YEAR="2018",
	TITLE ="Towards True Decentralization: A Blockchain Consensus Protocol Based on Game Theory and Randomness",
	JOURNAL="9th International Conference",
	ISBN="978-3-030-01553-4",
	DOI="10.1007/978-3-030-01554-1_27"
}

@ARTICLE{CRYPTO:4,
	AUTHOR="Eyal, Ittay",
	TITLE="The Miner's Dilemma",
	JOURNAL="Cryptome",
	YEAR="2014",
	NOTE = {\url{https://cryptome.wikileaks.org/2014/11/bitcoin-miners-dilemma.pdf} [Online; accessed Dec 4, 2021]}
}

@ARTICLE{CRYPTO:5,
	AUTHOR="Sai, Ashish Rajendra, et al",
	TITLE="Taxonomy of Centralization in Public Blockchain Systems: A Systematic Literature Review",
	JOURNAL="Information Processing and Management",
	YEAR="2021",
	NOTE = {\url{https://www.sciencedirect.com/science/article/pii/S0306457321000844#b19} [Online; accessed Dec 4, 2021]}
}

@ARTICLE{CRYPTO:6,
	AUTHOR="Prateek Agarwal",
	TITLE="The Gini Coefficient",
	JOURNAL="Intelligent Economist",
	YEAR="2021",
	NOTE = {\url{https://www.intelligenteconomist.com/gini-coefficient/} [Online; accessed Dec 4, 2021]}
}

@ARTICLE{CRYPTO:7,
	AUTHOR="OECD",
	TITLE="Indexes and estimation techniques",
	JOURNAL="Regions at a Glance",
	YEAR="2016",
	NOTE = {\url{https://www.oecd-ilibrary.org/governance/oecd-regions-at-a-glance-2016/indexes-and-estimation-techniques_reg_glance-2016-50-en;jsessionid=01uYdjY_yaUzhuG987U7GULy.ip-10-240-5-147} [Online; accessed Dec 4, 2021]}
}

@ARTICLE{CRYPTO:8,
	AUTHOR="Thomas C. Schelling",
	TITLE="Dynamic models of segregation",
	JOURNAL="The Journal of Mathematical Sociology",
	YEAR="2010",
	DOI="10.1080/0022250X.1971.9989794"
}

@ARTICLE{CRYPTO:9,
	AUTHOR="C.M. Macal; M.J. North",
	TITLE="Tutorial on agent-based modeling and simulation",
	JOURNAL="Proceedings of the Winter Simulation Conference, 2005.",
	YEAR="2005",
	DOI="10.1109/WSC.2005.1574234"
}

@ARTICLE{CRYPTO:10,
	AUTHOR="Joshua M. Epstein",
	TITLE="Agent-based computational models and generative social science",
	JOURNAL="Complexity",
	YEAR="1999",
	NOTE = {\url{https://onlinelibrary.wiley.com/doi/10.1002/(SICI)1099-0526(199905/06)4:5%3C41::AID-CPLX9%3E3.0.CO;2-F} [Online; accessed Dec 4, 2021]}
}

@ARTICLE{CRYPTO:11,
	AUTHOR="M. Saad,;Z. Qin; K. Ren; D. Nyang and D. Mohaisen",
	TITLE="e-PoS: Making Proof-of-Stake Decentralized and Fair",
	JOURNAL="IEEE Transactions on Parallel and Distributed Systems",
	YEAR="2021",
	DOI="10.1109/TPDS.2020.3048853"
}